@inproceedings{tonneauisrr15,
  author    = {Steve Tonneau and Nicolas Mansard and Chonhyon Park and Dinesh Manocha and Franck Multon and Julien Pettr\'e},
  title     = {A reachability-based planner for sequences of acyclic contacts in cluttered environments},
  booktitle = {Int. Symp. Robotics Research
(ISRR), (Sestri Levante, Italy), September 2015},
  year      = {2015},
}
