@INPROCEEDINGS { Prete2016,
    AUTHOR = { Prete, Andrea Del and Tonneau, Steve and Mansard, Nicolas },
    BOOKTITLE = { Robotics and Automation (ICRA), 2016 IEEE International Conference on (submitted to) },
    FILE = { :Users/adelpret/Documents/Mendeley Desktop/Prete, Tonneau, Mansard/2016/Prete, Tonneau, Mansard - 2016 - Fast Algorithms to Test Robust Static Equilibrium for Legged Robots.pdf:pdf },
    TITLE = { {Fast Algorithms to Test Robust Static Equilibrium for Legged Robots} },
    YEAR = { 2016 },
}
