@inproceedings{Campana:2016:BMP:2994258.2994279,
 author = {Campana, Myl\`{e}ne and Fernbach, Pierre and Tonneau, Steve and Ta\"{\i}x, Michel and Laumond, Jean-Paul},
 title = {Ballistic Motion Planning for Jumping Superheroes},
 booktitle = {Proceedings of the 9th International Conference on Motion in Games},
 series = {MIG '16},
 year = {2016},
 isbn = {978-1-4503-4592-7},
 location = {Burlingame, California},
 pages = {133--138},
 numpages = {6},
 url = {http://doi.acm.org/10.1145/2994258.2994279},
 doi = {10.1145/2994258.2994279},
 acmid = {2994279},
 publisher = {ACM},
 address = {New York, NY, USA},
 keywords = {animation, ballistic trajectory, jump, motion planning},
} 
