@article{tonneaueuro16,
  author    = {Steve Tonneau and Rami Ali Al-Ashqar and Julien Pettr\'e and Taku Komura and Nicolas Mansard},
  title     = {Contact re-positioning under large environment deformation},
  journal   = {To appear in Computer Graphics Forum (Proc. Eurographics)},
  year      = {2016},
}
