@inproceedings{tonneautech16,
  author    = {Steve Tonneau and Andrea Del Prete and Julien Pettr\'e and Chonhyon Park and Dinesh Manocha and Nicolas Mansard},
  title     = {An efficient acyclic contact planner for multiped robots},
  journal = {Technical report},
  year      = {2016},
}

