@INPROCEEDINGS { MirTonFerSepCamManLam2016,
    AUTHOR = { Joseph Mirabel and Steve Tonneau and Pierre Fernbach and Anna-Kaarina Sepp\"al\"a and Myl\`ene Campana and Nicolas Mansard and Florent Lamiraux },
    TITLE = { HPP: a new software for constrained motion planning },
    BOOKTITLE = { IEEE/RSJ Intelligent Robots and Systems },
    YEAR = { 2016 },
    MONTH = { October },
    PDF = { http://hal.archives-ouvertes.fr/hal-01290850/document },
    KEYWORD = { manipulation ; legged robotics ; motion planning software },
    HAL_ID = { hal-01290850 },
    LINK = { https://hal.archives-ouvertes.fr/hal-01290850 },
}
